00100000         2025883450001330024072890014       0361530000000811009 BANCO DO EMPREENDEDOR         BANCO DO BRASIL                         20102201701324500207403000000905732955PROCESSAMEN                                                 
00100011T0100020 20025883450001330024072890014       0361530000000811009 BANCO DO EMPREENDEDOR                                                                                         000000000102201700000000  000000000                      
0010001300001T 060361530000000811009 24072890000003024   1               00000000000000000019010001018678                         0900000000000010000000000000000000000000000000000000000   000000000000000000000090000        180192407289     
0010001300002U 060000000000000000000000000000000000000000000000000000000000000000000000190100000000000190100000000000000000000000000000000102201703022017            000000000000000                              000                           
0010001300003T 060361530000000811009 24072890000003025   1               00000000000000000018990001018678                         0900000000000010000000000000000000000000000000000000000   000000000000000000000090000        180192407289     
0010001300004U 060000000000000000000000000000000000000000000000000000000000000000000000189900000000000189900000000000000000000000000000000102201703022017            000000000000000                              000                           
0010001300005T 060361530000000811009 24072890000003026   1               00000000000000000018969001018678                         0900000000000010000000000000000000000000000000000000000   000000000000000000000090000        180192407289     
0010001300006U 060000000000000000000000000000000000000000000000000000000000000000000000189690000000000189690000000000000000000000000000000102201703022017            000000000000000                              000                           
0010001300007T 060361530000000811009 24072890000003056   1               00000000000000000019090001050679                         0900000000000010000000000000000000000000000000000000000   000000000000000000000090000        180192407289     
0010001300008U 060000000000000000000000000000000000000000000000000000000000000000000000190900000000000190900000000000000000000000000000000102201703022017            000000000000000                              000                           
00100015         000010000000000000000000000000000000000000000000000000000000000000000000000000000000000000000000000000000000000000000000000000000                                                                                              
00199999         000001000012000000                                                                                                                                                            00000000000000000000000000000                    
