00100000         2025883450001330024072990014       0361530000000804797 BANCO DO EMPREENDEDOR         BANCO DO BRASIL                         20102201701324500196503000000905732955PROCESSAMEN                                                 
00100011T0100020 20025883450001330024072990014       0361530000000804797 BANCO DO EMPREENDEDOR                                                                                         000000000102201700000000  000000000                      
0010001300001T 060361530000000804797 24072990000001752   1               00000000000000000020973001057436                         0900000000000010000000000000000000000000000000000000000   000000000000000000000090000        180192407299     
0010001300002U 060000000000000000000000000000000000000000000000000000000000000000000000209730000000000209730000000000000000000000000000000102201703022017            000000000000000                              000                           
0010001300003T 060361530000000804797 24072990000002130   1               0000000000000000001027600108364X                         0900000000000010000000000000000000000000000000000000000   000000000000000000000090000        180192407299     
0010001300004U 060000000000002810000000000000000000000000000000000000000000000000000000105570000000000105570000000000000000000000000000000102201703022017            000000000000000                              000                           
00100015         000006000000000000000000000000000000000000000000000000000000000000000000000000000000000000000000000000000000000000000000000000000                                                                                              
00199999         000001000008000000                                                                                                                                                            00000000000000000000000000000                    
