00100000         202588345000133                    0361530000000804797 PROGRAMA HABITACIONAL         BANCO DO BRASIL S.A.                    10202201716565700000008000000                                                                     
00100011R0100020 2002588345000133002855943001417019  0361530000000804797 PROGRAMA HABITACIONAL                                                                                         00000043020220170000000000000000002855943        CBR20606
0010001300001P 010361530000000804797 28559430000004453   111110000004453     0202201700000000180000000000 02N020220172000000000000000000001000000000000000000000000000000000000000000000000000000000000004453               30020000900196203371
0010001300002Q 011000018146449468MARIA DE LOURDES PORTELA DA SILVA       208 SUL AL 03 N 15                      PLAN DIR SUL   77000000PALMAS         TO0000000000000000                                        00028559430000004453   12345678
0010001300003R 01000000000000000000000000000000000000000000000000203022017000000000000200          EMPRESTIMO CONSIGNADO JUNTO AO BANCO DO                                         000000000000000000000000000000000000 000000000000  0000000000
0010001300004P 010361530000000804797 28559430000004455   111110000004455/01  1003201700000000006986200000 02N020220172000000000000000000001000000000000000000000000000000000000000000000000000000000000004455               30020000900196203371
0010001300005Q 011000018146449468MARIA DE LOURDES PORTELA DA SILVA       208 SUL AL 03 N 15                      PLAN DIR SUL   77000000PALMAS         TO0000000000000000                                        00028559430000004455   12345678
0010001300006R 01000000000000000000000000000000000000000000000000211032017000000000000200          EMPRESTIMO CONSIGNADO JUNTO AO BANCO DO                                         000000000000000000000000000000000000 000000000000  0000000000
0010001300007P 010361530000000804797 28559430000004456   111110000004455/02  1004201700000000006986200000 02N020220172000000000000000000001000000000000000000000000000000000000000000000000000000000000004455               30020000900196203371
0010001300008Q 011000018146449468MARIA DE LOURDES PORTELA DA SILVA       208 SUL AL 03 N 15                      PLAN DIR SUL   77000000PALMAS         TO0000000000000000                                        00028559430000004456   12345678
0010001300009R 01000000000000000000000000000000000000000000000000211042017000000000000200          EMPRESTIMO CONSIGNADO JUNTO AO BANCO DO                                         000000000000000000000000000000000000 000000000000  0000000000
0010001300010P 010361530000000804797 28559430000004457   111110000004455/03  1005201700000000006986200000 02N020220172000000000000000000001000000000000000000000000000000000000000000000000000000000000004455               30020000900196203371
0010001300011Q 011000018146449468MARIA DE LOURDES PORTELA DA SILVA       208 SUL AL 03 N 15                      PLAN DIR SUL   77000000PALMAS         TO0000000000000000                                        00028559430000004457   12345678
0010001300012R 01000000000000000000000000000000000000000000000000211052017000000000000200          EMPRESTIMO CONSIGNADO JUNTO AO BANCO DO                                         000000000000000000000000000000000000 000000000000  0000000000
0010001300013P 010361530000000804797 28559430000004458   111110000004455/04  1006201700000000006986200000 02N020220172000000000000000000001000000000000000000000000000000000000000000000000000000000000004455               30020000900196203371
0010001300014Q 011000018146449468MARIA DE LOURDES PORTELA DA SILVA       208 SUL AL 03 N 15                      PLAN DIR SUL   77000000PALMAS         TO0000000000000000                                        00028559430000004458   12345678
0010001300015R 01000000000000000000000000000000000000000000000000211062017000000000000200          EMPRESTIMO CONSIGNADO JUNTO AO BANCO DO                                         000000000000000000000000000000000000 000000000000  0000000000
0010001300016P 010361530000000804797 28559430000004459   111110000004455/05  1007201700000000006986200000 02N020220172000000000000000000001000000000000000000000000000000000000000000000000000000000000004455               30020000900196203371
0010001300017Q 011000018146449468MARIA DE LOURDES PORTELA DA SILVA       208 SUL AL 03 N 15                      PLAN DIR SUL   77000000PALMAS         TO0000000000000000                                        00028559430000004459   12345678
0010001300018R 01000000000000000000000000000000000000000000000000211072017000000000000200          EMPRESTIMO CONSIGNADO JUNTO AO BANCO DO                                         000000000000000000000000000000000000 000000000000  0000000000
0010001300019P 010361530000000804797 28559430000004460   111110000004455/06  1008201700000000006986200000 02N020220172000000000000000000001000000000000000000000000000000000000000000000000000000000000004455               30020000900196203371
0010001300020Q 011000018146449468MARIA DE LOURDES PORTELA DA SILVA       208 SUL AL 03 N 15                      PLAN DIR SUL   77000000PALMAS         TO0000000000000000                                        00028559430000004460   12345678
0010001300021R 01000000000000000000000000000000000000000000000000211082017000000000000200          EMPRESTIMO CONSIGNADO JUNTO AO BANCO DO                                         000000000000000000000000000000000000 000000000000  0000000000
0010001300022P 010361530000000804797 28559430000004454   11111004454         1302201700000000010121800000 02N02022017200000000000000000000100000000000000000000000000000000000000000000000000000000004454                   30020000900196203371
0010001300023Q 011000062649434104ELISABETE CHAVES DOS SANTOS TERRA       106 N, AL 09, LT 05-A                   PLAN DIR NOR   77000000PALMAS         TO0000000000000000                                        00028559430000004454   12345678
0010001300024R 01000000000000000000000000000000000000000000000000214022017000000000000200          REFERENTE AO PAGAMENTO DA PARCELA 06/18                                         000000000000000000000000000000000000 000000000000  0000000000
00100015         00002600000000000000000000000000000000000000000000000000000000000000000000000000000000000000000000                                                                                                                             
00199999         000001000028000000                                                                                                                                                                                                             
